<record><leader>00000cas a22000007a 4500</leader><controlfield tag="001">24513268</controlfield><controlfield tag="008">911008d19641974arudn ne      0    0eng d</controlfield><datafield ind1=" " ind2=" " tag="010"><subfield code="a">sn 91050171 </subfield></datafield><datafield ind1=" " ind2=" " tag="040"><subfield code="a">ANU</subfield><subfield code="b">eng</subfield><subfield code="c">ANU</subfield><subfield code="d">OCLCQ</subfield><subfield code="d">OCLCF</subfield><subfield code="d">OCLCO</subfield></datafield><datafield ind1="1" ind2=" " tag="029"><subfield code="a">AU@</subfield><subfield code="b">000025859866</subfield></datafield><datafield ind1=" " ind2=" " tag="042"><subfield code="a">msc</subfield></datafield><datafield ind1=" " ind2=" " tag="043"><subfield code="a">n-us-ar</subfield></datafield><datafield ind1="0" ind2=" " tag="130"><subfield code="a">El Dorado times (El Dorado, Ark. : Daily)</subfield></datafield><datafield ind1="1" ind2="4" tag="245"><subfield code="a">The El Dorado times.</subfield></datafield><datafield ind1="3" ind2="0" tag="246"><subfield code="a">Combined features of El Dorado daily news and the El Dorado times</subfield></datafield><datafield ind1="3" ind2="0" tag="246"><subfield code="a">El Dorado times and features of the El Dorado daily news</subfield></datafield><datafield ind1="1" ind2="7" tag="246"><subfield code="a">Evening times</subfield><subfield code="f">Jan. 15-16, 1964</subfield></datafield><datafield ind1=" " ind2=" " tag="260"><subfield code="a">El Dorado, Ark. :</subfield><subfield code="b">News-Times Pub. Co.</subfield></datafield><datafield ind1=" " ind2=" " tag="300"><subfield code="a">v.</subfield></datafield><datafield ind1=" " ind2=" " tag="310"><subfield code="a">Daily (except Sunday)</subfield></datafield><datafield ind1="0" ind2=" " tag="362"><subfield code="a">Vol. 74, no. 131 (Jan. 15, 1964)-v. 85, no. 298 (Apr. 30, 1974).</subfield></datafield><datafield ind1=" " ind2=" " tag="500"><subfield code="a">Published on Saturday with: El Dorado daily news, and called: Combined features of El Dorado daily news and the El Dorado times, Jan. 18, 1964. After that, joint Saturday publication was discontinued, but the El Dorado times continued to use variant Saturday titles until Apr. 27, 1974.</subfield></datafield><datafield ind1=" " ind2=" " tag="515"><subfield code="a">Numbering is irregular.</subfield></datafield><datafield ind1=" " ind2=" " tag="515"><subfield code="a">Combined Saturday issue bears numbering of El Dorado daily news, Jan. 18, 1964.</subfield></datafield><datafield ind1=" " ind2="0" tag="651"><subfield code="a">El Dorado (Ark.)</subfield><subfield code="v">Newspapers.</subfield></datafield><datafield ind1=" " ind2="7" tag="655"><subfield code="a">Newspapers.</subfield><subfield code="2">fast</subfield><subfield code="0">(OCoLC)fst01423814</subfield></datafield><datafield ind1=" " ind2="7" tag="651"><subfield code="a">Arkansas</subfield><subfield code="z">El Dorado.</subfield><subfield code="2">fast</subfield><subfield code="0">(OCoLC)fst01216779</subfield></datafield><datafield ind1=" " ind2=" " tag="752"><subfield code="a">United States</subfield><subfield code="b">Arkansas</subfield><subfield code="c">Union</subfield><subfield code="d">El Dorado.</subfield></datafield><datafield ind1="0" ind2="0" tag="780"><subfield code="t">Evening times (El Dorado, Ark.)</subfield><subfield code="w">(DLC)sn 91050183</subfield></datafield><datafield ind1="0" ind2="7" tag="785"><subfield code="t">Dorado daily news</subfield><subfield code="w">(DLC)sn 88084083</subfield></datafield><datafield ind1="0" ind2="7" tag="785"><subfield code="t">Dorado news-times</subfield><subfield code="w">(DLC)sn 91050147</subfield></datafield></record>